% Bibliografía
% Este fichero contiene la bibliografía de la memoria
% Está en un formato que se conoce como BibTex.
% Hay muchos sitios web que exportan referencias en formato BibTeX. 
% Prueba a buscar en http://scholar.google.com por referencias
% y verás que lo puedes hacer de manera sencilla.
% Más información: 
% http://texblog.org/2014/04/22/using-google-scholar-to-download-bibtex-citations/
% Existen varias posibilidades para referenciar diferentes tipos de documentos,
% ya que los datos necesarios varían. Así, existen formatos de entrada para
%     * libros (book)
%     * artículos en revistas de investigación (article)
%     * capítulos de libro (incollection)
%     * informes técnicos (techreport)
%     * otros (misc)
%
% Las páginas web deberían ir como misc.
% Una última cosa: no referencias nunca la WikiPedia
% La WikiPedia, como buena enciclopedia, no es fuente primaria.
% Si acaso, busca por citas en la WikiPedia (que sí ha de referenciar fuentes
% primarias) y haz referencia a las mismas.

@Misc{A-Frame,
    title =	 {A-Frame Documentation},
    author={Mozilla},
    note =	 {\\https://aframe.io/}
}

@Misc{A-Framewidgets,
    title =	 {A-Frame Widgets},
     author={Casey Yee},
    note =	 {\\https://github.com/caseyyee/aframe-ui-widgets}
}

@Misc{A-Framegui,
    title =	 {A-Frame Gui},
    author={Roland Dubois},
    note =	 {\\https://github.com/rdub80/aframe-gui}
}

@Misc{TimeInterval,
    title =	 {Timeouts and intervals},
    author={Mozilla},
    note =	 {\\https://developer.mozilla.org/en-US/docs/Learn/JavaScript/Asynchronous/Timeouts\_and\_intervals}
}


@Misc{Timer,
    title =	 {Timer},
    author={Kewal Kishan},
    note =	 {\\https://medium.com/@kewalkishan/writing-a-simple-timer-component-for-a-frame-81889c863589}
}


@Misc{overleaf,
    title =	 {overleaf},
    author={John Hammersley},
    note =	 {\\https://es.overleaf.com/learn/latex/Main\_Page}
}

@Misc{Aframe-playground,
    title =	 {Aframe-playground},
    author={Jesus M. Gonzalez-Barahona},
    note =	 {\\https://jgbarah.github.io/aframe-playground/interaction-01/}
}

@Misc{event,
    title =	 {Event set componente},
    author={Kevin Ngo},
    note =	 {\\https://www.npmjs.com/package/aframe-event-set-component}
}


